@article{mceliece1978public,
   author={McEliece, Robert J},
    title = "{A Public-Key Cryptosystem Based On Algebraic Coding Theory}",
  journal = {Deep Space Network Progress Report},
     year = 1978,
    month = Jan,
   volume = 44,
    pages = {114-116}
}

@inproceedings{strenzke2012fast,
  title={Fast and secure root finding for code-based cryptosystems},
  author={Strenzke, Falko},
  booktitle={International Conference on Cryptology and Network Security},
  pages={232--246},
  year={2012}
}

@article{bernstein2017classic,
  title={Classic McEliece: conservative code-based cryptography},
  author={Bernstein, Daniel J and Chou, Tung and Lange, Tanja and von Maurich, Ingo and Misoczki, Rafael and Niederhagen, Ruben and Persichetti, Edoardo and Peters, Christiane and Schwabe, Peter and Sendrier, Nicolas and others},
  journal={NIST submissions},
  year={2017}
}

@article{bardet2017big,
  title={BIG QUAKE: BInary Goppa QUAsi--cyclic Key Encapsulation},
  author={Bardet, Magali and Barelli, Elise and Blazy, Olivier and Torres, Rodolfo Canto and Couvreur, Alain and Gaborit, Philippe and Otmani, Ayoub and Sendrier, Nicolas and Tillich, Jean-Pierre},
  journal={NIST submissions},
  year={2017}
}

@article{patterson1975algebraic,
  title={The algebraic decoding of {Goppa} codes},
  author={Patterson, Nicholas},
  journal={IEEE Transactions on Information Theory},
  volume={21},
  number={2},
  pages={203--207},
  year={1975}
}


@article{niederreiter,
  title={Knapsack-type  cryptosystems  and  algebraic  coding  theory},
  author={Niederreiter, Harald},
  journal={Problems of Control and Information Theory. Problemy Upravlenija i Teorii Informacii},
  volume={15},
  number={2},
  pages={159--166},
  year={1986}
}
