@article{dijkstra1968,
  title={Go to statement considered harmful},
  author={Dijkstra, Edsger W},
  journal={Communications of the {ACM}},
  volume={11},
  number={3},
  pages={147--148},
  year={1968}
}
